<record><leader>00000cas a2200000 a 4500</leader><controlfield tag="001">11682576</controlfield><controlfield tag="008">850211c19079999iludn ne      0   a0eng c</controlfield><datafield ind1=" " ind2=" " tag="010"><subfield code="a">sn 85000585 </subfield></datafield><datafield ind1=" " ind2=" " tag="040"><subfield code="a">NSD</subfield><subfield code="b">eng</subfield><subfield code="c">NSD</subfield><subfield code="d">NVF</subfield><subfield code="d">OCL</subfield><subfield code="d">NVF</subfield><subfield code="d">OCLCQ</subfield><subfield code="d">NVF</subfield><subfield code="d">OCLCQ</subfield><subfield code="d">NVF</subfield><subfield code="d">DLC</subfield><subfield code="d">OCLCF</subfield><subfield code="d">NVF</subfield><subfield code="d">DLC</subfield><subfield code="d">OCL</subfield></datafield><datafield ind1=" " ind2=" " tag="012"><subfield code="m">1</subfield></datafield><datafield ind1=" " ind2=" " tag="019"><subfield code="a">25061576</subfield><subfield code="a">994608151</subfield></datafield><datafield ind1="1" ind2=" " tag="022"><subfield code="a">8750-6769</subfield><subfield code="l">8750-6769</subfield><subfield code="2">1</subfield></datafield><datafield ind1="1" ind2=" " tag="029"><subfield code="a">AU@</subfield><subfield code="b">000020351070</subfield></datafield><datafield ind1="1" ind2=" " tag="029"><subfield code="a">NZ1</subfield><subfield code="b">16077694</subfield></datafield><datafield ind1=" " ind2=" " tag="032"><subfield code="a">565480</subfield><subfield code="b">USPS</subfield></datafield><datafield ind1=" " ind2=" " tag="037"><subfield code="b">Illini Media Co., 620 E. John, Champaign, IL 61820-5778</subfield></datafield><datafield ind1=" " ind2=" " tag="042"><subfield code="a">nsdp</subfield><subfield code="a">pcc</subfield></datafield><datafield ind1=" " ind2=" " tag="043"><subfield code="a">n-us-il</subfield></datafield><datafield ind1=" " ind2="4" tag="222"><subfield code="a">The Daily Illini</subfield><subfield code="b">(Champaign-Urbana, Ill.)</subfield></datafield><datafield ind1="0" ind2="4" tag="245"><subfield code="a">The Daily Illini.</subfield></datafield><datafield ind1=" " ind2=" " tag="260"><subfield code="a">Urbana, Ill. :</subfield><subfield code="b">The Gazette,</subfield><subfield code="c">1907-</subfield></datafield><datafield ind1="2" ind2=" " tag="260"><subfield code="3">Sept. 22, 1909-&lt;&gt;  :</subfield><subfield code="a">Champaign, Ill. ;</subfield><subfield code="a">Urbana, Ill. :</subfield><subfield code="b">University Press</subfield></datafield><datafield ind1="2" ind2=" " tag="260"><subfield code="3">Sept. 19, 1916-May 30, 1917:</subfield><subfield code="a">Urbana, Ill. ;</subfield><subfield code="a">Champaign, Ill. :</subfield><subfield code="b">University Press</subfield></datafield><datafield ind1="3" ind2=" " tag="260"><subfield code="3">Sept. 8, 1917-  :</subfield><subfield code="a">Champaign, Ill. :</subfield><subfield code="b">Illini Pub. Co.</subfield></datafield><datafield ind1=" " ind2=" " tag="300"><subfield code="a">v.</subfield></datafield><datafield ind1=" " ind2=" " tag="310"><subfield code="a">Daily (except Saturday and Sunday),</subfield><subfield code="b">May 3, 1994-</subfield></datafield><datafield ind1=" " ind2=" " tag="321"><subfield code="a">Daily, (during the college year, except Monday and days following holidays),</subfield><subfield code="b">Sept. 18, 1907-May 23, 1942</subfield></datafield><datafield ind1=" " ind2=" " tag="321"><subfield code="a">Daily, (during the college year, except Saturday, Sunday, Monday, and days following holidays),</subfield><subfield code="b">June 9, 1942-Aug. 28, 1942</subfield></datafield><datafield ind1=" " ind2=" " tag="321"><subfield code="a">Daily (during the college year, except Monday, Tuesday, days following holidays, and various other days),</subfield><subfield code="b">Sept. 3, 1942-June 3, 1944</subfield></datafield><datafield ind1=" " ind2=" " tag="321"><subfield code="a">Daily (during the college year, except Sunday, Monday, Thursday, and days following holidays),</subfield><subfield code="b">June 13, 13, 1944-Sept. 30, 1944</subfield></datafield><datafield ind1=" " ind2=" " tag="321"><subfield code="a">Five times weekly (during the college year, except days following holidays),</subfield><subfield code="b">Oct. 4, 1944-June 23, 1953</subfield></datafield><datafield ind1=" " ind2=" " tag="321"><subfield code="a">Daily (except Sunday and Monday during Fall and Spring semesters) and Daily (except Saturday, Sunday, and Monday during Summer session),</subfield><subfield code="b">June 24, 1953-May 5, 1955</subfield></datafield><datafield ind1=" " ind2=" " tag="321"><subfield code="a">Daily (during the college year, except Sunday, Monday, and days following holidays),</subfield><subfield code="b">June 3, 1955-May 30, 1973</subfield></datafield><datafield ind1=" " ind2=" " tag="321"><subfield code="a">Five times weekly (during Fall and Spring semesters) and Four times weekly (during Summer session),</subfield><subfield code="b">May 31, 1973-Aug. 2, 1989</subfield></datafield><datafield ind1=" " ind2=" " tag="321"><subfield code="a">Daily (except Saturday and Sunday),</subfield><subfield code="b">Aug. 21, 1989-June 26, 1991</subfield></datafield><datafield ind1=" " ind2=" " tag="321"><subfield code="a">Daily (except Saturday and Sunday during Fall and Spring semesters) and Daily (except Saturday, Sunday and Monday during Summer session),</subfield><subfield code="b">June 27, 1991-May 2, 1994</subfield></datafield><datafield ind1="0" ind2=" " tag="362"><subfield code="a">Vol. 37, no. 1 (Sept. 18, 1907)-</subfield></datafield><datafield ind1=" " ind2=" " tag="500"><subfield code="a">"The student paper of the University of Illinois."</subfield></datafield><datafield ind1=" " ind2=" " tag="500"><subfield code="a">Published simultaneously in Champaign, Ill., Sept. 22, 1909-May 30, 1917.</subfield></datafield><datafield ind1=" " ind2=" " tag="500"><subfield code="a">Published during Fall and Spring semesters only, 1907-May 28, 1922 and June 3, 1955-May 30, 1973.</subfield></datafield><datafield ind1=" " ind2=" " tag="530"><subfield code="a">Available on microfilm;</subfield><subfield code="b">University of Illinois at Urbana-Champaign Library.</subfield></datafield><datafield ind1=" " ind2=" " tag="580"><subfield code="a">Summer eds.: Summer Illini (Urbana, Ill. : 1908), 1908-1922, and: Summer Illini (Urbana, Ill. : 1955), 1955-1972.</subfield></datafield><datafield ind1=" " ind2=" " tag="580"><subfield code="a">Issued with: Buzz (Champaign, Ill.), Aug. 27, 1998-</subfield></datafield><datafield ind1="2" ind2="0" tag="610"><subfield code="a">University of Illinois at Urbana-Champaign</subfield><subfield code="v">Newspapers.</subfield></datafield><datafield ind1=" " ind2="0" tag="650"><subfield code="a">College student newspapers and periodicals</subfield><subfield code="v">Newspapers.</subfield></datafield><datafield ind1=" " ind2="0" tag="651"><subfield code="a">Champaign (Ill.)</subfield><subfield code="v">Newspapers.</subfield></datafield><datafield ind1=" " ind2="0" tag="651"><subfield code="a">Urbana (Ill.)</subfield><subfield code="v">Newspapers.</subfield></datafield><datafield ind1="2" ind2="7" tag="610"><subfield code="a">University of Illinois at Urbana-Champaign.</subfield><subfield code="2">fast</subfield><subfield code="0">(OCoLC)fst00532271</subfield></datafield><datafield ind1=" " ind2="7" tag="650"><subfield code="a">College student newspapers and periodicals</subfield><subfield code="2">fast</subfield><subfield code="0">(OCoLC)fst00867966</subfield></datafield><datafield ind1=" " ind2="7" tag="651"><subfield code="a">Illinois</subfield><subfield code="z">Champaign.</subfield><subfield code="2">fast</subfield><subfield code="0">(OCoLC)fst01207150</subfield></datafield><datafield ind1=" " ind2="7" tag="651"><subfield code="a">Illinois</subfield><subfield code="z">Urbana.</subfield><subfield code="2">fast</subfield><subfield code="0">(OCoLC)fst01211927</subfield></datafield><datafield ind1=" " ind2="7" tag="655"><subfield code="a">Newspapers.</subfield><subfield code="2">fast</subfield><subfield code="0">(OCoLC)fst01423814</subfield></datafield><datafield ind1=" " ind2=" " tag="752"><subfield code="a">United States</subfield><subfield code="b">Illinois</subfield><subfield code="c">Champaign</subfield><subfield code="d">Champaign.</subfield></datafield><datafield ind1=" " ind2=" " tag="752"><subfield code="a">United States</subfield><subfield code="b">Illinois</subfield><subfield code="c">Champaign</subfield><subfield code="d">Urbana.</subfield></datafield><datafield ind1="1" ind2=" " tag="775"><subfield code="t">Summer Illini (Urbana, Ill. : 1908)</subfield><subfield code="w">(DLC)sn 96071019</subfield><subfield code="w">(OCoLC)34991562</subfield></datafield><datafield ind1="1" ind2=" " tag="775"><subfield code="t">Summer Illini (Urbana, Ill. : 1955)</subfield><subfield code="w">(DLC)sn 96071020</subfield><subfield code="w">(OCoLC)34991536</subfield></datafield><datafield ind1="1" ind2=" " tag="777"><subfield code="t">Buzz (Champaign, Ill.)</subfield><subfield code="w">(DLC)sn2007061026</subfield><subfield code="w">(OCoLC)166296357</subfield></datafield><datafield ind1="0" ind2="0" tag="780"><subfield code="t">Illini</subfield><subfield code="w">(DLC)sn 96071018</subfield><subfield code="w">(OCoLC)34991410</subfield></datafield><datafield ind1="4" ind2="1" tag="856"><subfield code="3">(1916-1945, 1956-1957, 1960, 1962-1975) available online:</subfield><subfield code="u">http://www.library.illinois.edu/dnc/idnc</subfield></datafield></record>